
@article{adams2012a,
	title = {Relationship Maintenance Behavior and Adult Attachment: An Analysis of the Actor-Partner Interdependence Model},
	author = {Adams, Rebekah D. and Baptist, Joyce},
	year = {2012},
	month = {05},
	date = {2012-05},
	journal = {The American Journal of Family Therapy},
	pages = {230--244},
	volume = {40},
	number = {3},
	doi = {10.1080/01926187.2011.605047},
	url = {http://www.tandfonline.com/doi/abs/10.1080/01926187.2011.605047},
	note = {Place: United States
Publisher: Informa UK Limited},
	langid = {en}
}
