
@article{wright2012,
	title = {{\textquotedblleft}You can{\textquoteright}t kid a kidder{\textquotedblright}: association between production and detection of deception in an interactive deception task.},
	author = {Wright, Gordon R. T. and Berry, Christopher J. and Bird, Geoffrey},
	year = {2012},
	date = {2012},
	journal = {Frontiers in Human Neuroscience},
	pages = {87},
	volume = {6},
	doi = {10.3389/fnhum.2012.00087},
	url = {https://pubmed.ncbi.nlm.nih.gov/22529790 “You can’t kid a kidder”: association between production and detection of deception in an interactive deception task.0Wright, GR},
	note = {PMCID: PMC3328123
PMID: 22529790},
	langid = {en}
}

@article{
  akers2006,
  title={The Empirical Status of Social Learning Theory of Crime and Deviance: The Past, Present, and Future.},
  ISSN={0-7658-0310-0 (Hardcover), 978-0-7658-0310-8 (Hardcover)},
  url={http://ovidsp.ovid.com/ovidweb.cgi?T=JS&PAGE=reference&D=psyc5&NEWS=N&AN=2006-22890-001},
  journal={Taking stock: The status of criminological theory.},
  author={Akers, Ronald L and Jensen, Gary F},
  year={2006},
pages={37–76} }

@article{
  berman2022,
  title={Prosocial behavior and reputation: When does doing good lead to looking good},
  volume={43},
  ISSN={2352-250X},
  url={https://pubmed.ncbi.nlm.nih.gov/34340143 Prosocial behavior and reputation: When does doing good lead to looking good0Berman, JZ},
  DOI={10.1016/j.copsyc.2021.06.021},
  note={Citation Key: berman2022},
  journal={Current Opinion in Psychology},
  author={Berman, Jonathan Z. and Silver, Ike},
  year={2022},
  month={Feb},
pages={102–107} }
