
@article{abbe2013,
	title = {The Role of Rapport in Investigative Interviewing: A Review: The role of rapport in investigative interviewing},
	author = {Abbe, Allison and Brandon, Susan E.},
	year = {2013},
	month = {10},
	date = {2013-10},
	journal = {Journal of Investigative Psychology and Offender Profiling},
	pages = {237--249},
	volume = {10},
	number = {3},
	doi = {10.1002/jip.1386},
	url = {https://onlinelibrary.wiley.com/doi/10.1002/jip.1386},
	langid = {en}
}

@article{abbe2014,
	title = {Building and maintaining rapport in investigative interviews},
	author = {Abbe, Allison and Brandon, Susan E.},
	year = {2014},
	month = {05},
	date = {2014-05-04},
	journal = {Police Practice and Research},
	pages = {207--220},
	volume = {15},
	number = {3},
	doi = {10.1080/15614263.2013.827835},
	url = {http://www.tandfonline.com/doi/abs/10.1080/15614263.2013.827835},
	langid = {en}
}
