
@article{
  baughman2014a,
  title={Liar liar pants on fire: Cheater strategies linked to the Dark Triad},
  volume={71},
  ISSN={01918869},
  url={https://linkinghub.elsevier.com/retrieve/pii/S0191886914004152},
  DOI={10.1016/j.paid.2014.07.019},
  journal={Personality and Individual Differences},
  author={Baughman, Holly M. and Jonason, Peter K. and Lyons, Minna and Vernon, Philip A.},
  year={2014},
  month={Dec},
pages={35–38} }

@article{
  hughes2021,
  title={Is perceived similarity more than assumed similarity? An interpersonal path to seeing similarity between self and others},
  volume={121},
  ISSN={1939-1315},
  DOI={10.1037/pspp0000369},
  number={1},
  journal={Journal of Personality and Social Psychology},
  publisher={American},
  author={Hughes, Bradley T. and Flournoy, John C. and Srivastava, Sanjay},
  year={2021},
pages={184–200} }

@article{jonason2012c,
	title = {A protean approach to social influence: Dark Triad personalities and social influence tactics},
	author = {Jonason, Peter K. and Webster, Gregory D.},
	year = {2012},
	month = {03},
	date = {2012-03},
	journal = {Personality and Individual Differences},
	pages = {521--526},
	volume = {52},
	number = {4},
	doi = {10.1016/j.paid.2011.11.023},
	url = {https://linkinghub.elsevier.com/retrieve/pii/S0191886911005459},
	langid = {en}
}
