
@book{
  andorsky2020,
  title={Decoding the why: how behavioral science is driving the next generation of product design},
  ISBN={978-1-64137-550-4},
  author={Andorsky, Nate},
year={2020} }

@article{
  datu2021,
  title={Is Grittiness Next to Happiness? Examining the Association of Triarchic Model of Grit Dimensions with Well-Being Outcomes},
  volume={22},
  ISSN={1389-4978, 1573-7780},
  url={https://link.springer.com/10.1007/s10902-020-00260-6},
  DOI={10.1007/s10902-020-00260-6},
  number={2},
  journal={Journal of Happiness Studies},
  author={Datu, Jesus Alfonso D. and McInerney, Dennis M. and Żemojtel-Piotrowska, Magdalena and Hitokoto, Hidefumi and Datu, Nino D.},
  year={2021},
  month={Feb},
pages={981–1009} }

@book{
  king2021,
  place={New York, NY},
  title={Social chemistry: decoding the patterns of human connection},
  ISBN={978-1-5247-4380-2 978-1-5247-4382-6},
  publisher={Dutton},
  author={King, Marissa},
year={2021} }

@article{
  rice2021,
  title={Engaging Students in a Research Methods Writing Lab Online},
  volume={48},
  ISSN={0098-6283, 1532-8023},
  url={http://journals.sagepub.com/doi/10.1177/0098628320959954},
  DOI={10.1177/0098628320959954},
  number={1},
  journal={Teaching of Psychology},
  author={Rice, Lindsay and Alquist, Jessica L. and Penuliar, Michael and Donato, Francesco V. and Price, Mindi M.},
  year={2021},
  month={Jan},
pages={18–25} }
